@inproceedings{wadley2019use,
  title={Use of music streaming platforms for emotion regulation by international students},
  author={Wadley, Greg and Krause, Amanda and Liang, Jiahui and Wang, Zihe and Leong, Tuck Wah},
  booktitle={Proceedings of the 31st Australian Conference on Human-Computer-Interaction},
  pages={337--341},
  year={2019}
}
@article{martin2021music,
  title={Music as a factor associated with emotional self-regulation: a study on its relationship to age during COVID-19 lockdown in Spain},
  author={Mart{\'\i}n, Javier Centeno and Ortega-S{\'a}nchez, Delf{\'\i}n and Miguel, Ignacio Nieto and Mart{\'\i}n, Gracia Mar{\'\i}a Gil},
  journal={Heliyon},
  volume={7},
  number={2},
  pages={e06274},
  year={2021},
  publisher={Elsevier}
}
@article{rideout2018digital,
  title={Digital health practices, social media use, and mental well-being among teens and young adults in the US},
  author={Rideout, Victoria and Fox, Susannah and others},
  year={2018}
}
@inproceedings{sarsenbayeva2020does,
  title={Does smartphone use drive our emotions or vice versa? A causal analysis},
  author={Sarsenbayeva, Zhanna and Marini, Gabriele and van Berkel, Niels and Luo, Chu and Jiang, Weiwei and Yang, Kangning and Wadley, Greg and Dingler, Tilman and Kostakos, Vassilis and Goncalves, Jorge},
  booktitle={Proceedings of the 2020 CHI conference on human factors in computing systems},
  pages={1--15},
  year={2020}
}
@article{prikhidko2020effect,
  title={The effect of concerns about COVID-19 on anxiety, stress, parental burnout, and emotion regulation: the role of susceptibility to digital emotion contagion},
  author={Prikhidko, Alena and Long, Haiying and Wheaton, Michael G},
  journal={Frontiers in public health},
  volume={8},
  pages={567250},
  year={2020},
  publisher={Frontiers Media SA}
}
@article{shao2021social,
  title={Social media and emotional burnout regulation during the COVID-19 pandemic: multilevel approach},
  author={Shao, Ruosi and Shi, Zhen and Zhang, Di and others},
  journal={Journal of Medical Internet Research},
  volume={23},
  number={3},
  pages={e27015},
  year={2021},
  publisher={JMIR Publications Inc., Toronto, Canada}
}
@article{colasante2020any,
  title={Any time and place? Digital emotional support for digital natives.},
  author={Colasante, Tyler and Lin, Lauren and De France, Kalee and Hollenstein, Tom},
  journal={American Psychologist},
  year={2020},
  publisher={American Psychological Association}
}
@inproceedings{smith2022digital,
  title={Digital Emotion Regulation in Everyday Life},
  author={Smith, Wally and Wadley, Greg and Webber, Sarah and Tag, Benjamin and Kostakos, Vassilis and Koval, Peter and Gross, James J},
  booktitle={CHI Conference on Human Factors in Computing Systems},
  pages={1--15},
  year={2022}
}
@article{wadley2020digital,
  title={Digital emotion regulation},
  author={Wadley, Greg and Smith, Wally and Koval, Peter and Gross, James J},
  journal={Current Directions in Psychological Science},
  volume={29},
  number={4},
  pages={412--418},
  year={2020},
  publisher={SAGE Publications Sage CA: Los Angeles, CA}
}
@article{gross1998emerging,
  title={The emerging field of emotion regulation: An integrative review},
  author={Gross, James J},
  journal={Review of general psychology},
  volume={2},
  number={3},
  pages={271--299},
  year={1998},
  publisher={SAGE Publications Sage CA: Los Angeles, CA}
}
@incollection{schull2012addiction,
  title={Addiction by design},
  author={Sch{\"u}ll, Natasha Dow},
  booktitle={Addiction by Design},
  year={2012},
  publisher={Princeton University Press}
}
@article{gross2015emotion,
  title={Emotion regulation: Current status and future prospects},
  author={Gross, James J},
  journal={Psychological inquiry},
  volume={26},
  number={1},
  pages={1--26},
  year={2015},
  publisher={Taylor \& Francis}
}
@article{braunstein2017explicit,
  title={Explicit and implicit emotion regulation: a multi-level framework},
  author={Braunstein, Laura Martin and Gross, James J and Ochsner, Kevin N},
  journal={Social cognitive and affective neuroscience},
  volume={12},
  number={10},
  pages={1545--1557},
  year={2017},
  publisher={Oxford University Press}
}
@article{gyurak2011explicit,
  title={Explicit and implicit emotion regulation: a dual-process framework},
  author={Gyurak, Anett and Gross, James J and Etkin, Amit},
  journal={Cognition and emotion},
  volume={25},
  number={3},
  pages={400--412},
  year={2011},
  publisher={Taylor \& Francis}
}
@article{tamir2016people,
  title={Why do people regulate their emotions? A taxonomy of motives in emotion regulation},
  author={Tamir, Maya},
  journal={Personality and social psychology review},
  volume={20},
  number={3},
  pages={199--222},
  year={2016},
  publisher={Sage Publications Sage CA: Los Angeles, CA}
}
@article{goldenberg2020digital,
  title={Digital emotion contagion},
  author={Goldenberg, Amit and Gross, James J},
  journal={Trends in Cognitive Sciences},
  volume={24},
  number={4},
  pages={316--328},
  year={2020},
  publisher={Elsevier}
}
@article{elfenbein2014many,
  title={The many faces of emotional contagion: An affective process theory of affective linkage},
  author={Elfenbein, Hillary Anger},
  journal={Organizational Psychology Review},
  volume={4},
  number={4},
  pages={326--362},
  year={2014},
  publisher={SAGE Publications Sage UK: London, England}
}
@article{webb2012dealing,
  title={Dealing with feeling: a meta-analysis of the effectiveness of strategies derived from the process model of emotion regulation.},
  author={Webb, Thomas L and Miles, Eleanor and Sheeran, Paschal},
  journal={Psychological bulletin},
  volume={138},
  number={4},
  pages={775},
  year={2012},
  publisher={American Psychological Association}
}
@article{davidson1998affective,
  title={Affective style and affective disorders: Perspectives from affective neuroscience},
  author={Davidson, Richard J},
  journal={Cognition \& emotion},
  volume={12},
  number={3},
  pages={307--330},
  year={1998},
  publisher={Taylor \& Francis}
}
@inproceedings{eschler2020emergent,
  title={Emergent self-regulation practices in technology and social media use of individuals living with depression},
  author={Eschler, Jordan and Burgess, Eleanor R and Reddy, Madhu and Mohr, David C},
  booktitle={Proceedings of the 2020 chi conference on human factors in computing systems},
  pages={1--13},
  year={2020}
}
@article{mirbabaie2021development,
  title={The Development of Connective Action during Social Movements on Social Media},
  author={Mirbabaie, Milad and Br{\"u}nker, Felix and Wischnewski, Magdalena and Meinert, Judith},
  journal={ACM Transactions on Social Computing},
  volume={4},
  number={1},
  pages={1--21},
  year={2021},
  publisher={ACM New York, NY, USA}
}

@article{lukoff2018makes,
  title={What makes smartphone use meaningful or meaningless?},
  author={Lukoff, Kai and Yu, Cissy and Kientz, Julie and Hiniker, Alexis},
  journal={Proceedings of the ACM on Interactive, Mobile, Wearable and Ubiquitous Technologies},
  volume={2},
  number={1},
  pages={1--26},
  year={2018},
  publisher={ACM New York, NY, USA}
}
@inproceedings{mark2015focused,
  title={Focused, aroused, but so distractible: Temporal perspectives on multitasking and communications},
  author={Mark, Gloria and Iqbal, Shamsi and Czerwinski, Mary and Johns, Paul},
  booktitle={Proceedings of the 18th ACM Conference on Computer Supported Cooperative Work \& Social Computing},
  pages={903--916},
  year={2015}
}
@article{kou2020emotion,
  title={Emotion regulation in eSports gaming: a qualitative study of league of legends},
  author={Kou, Yubo and Gui, Xinning},
  journal={Proceedings of the ACM on Human-Computer Interaction},
  volume={4},
  number={CSCW2},
  pages={1--25},
  year={2020},
  publisher={ACM New York, NY, USA}
}
@inproceedings{kelly2021s,
  title={“It’s About Missing Much More Than the People”: How Students use Digital Technologies to Alleviate Homesickness},
  author={Kelly, Ryan M and Cheng, Yueyang and McKay, Dana and Wadley, Greg and Buchanan, George},
  booktitle={Proceedings of the 2021 CHI Conference on Human Factors in Computing Systems},
  pages={1--17},
  year={2021}
}
@inproceedings{hossain2022motivational,
  title={Motivational and Situational Aspects of Active and Passive Social Media Breaks May Explain the Difference Between Recovery and Procrastination},
  author={Hossain, Elahi and Wadley, Greg and Berthouze, Nadia and Cox, Anna},
  booktitle={CHI Conference on Human Factors in Computing Systems Extended Abstracts},
  pages={1--8},
  year={2022}
}
@article{tag2022impact,
  title={Impact of the global pandemic upon young people's use of technology for emotion regulation},
  author={Tag, Benjamin and van Berkel, Niels and Vargo, Andrew W and Sarsenbayeva, Zhanna and Colasante, Tyler and Wadley, Greg and Webber, Sarah and Smith, Wally and Koval, Peter and Hollenstein, Tom and others},
  journal={Computers in Human Behavior Reports},
  volume={6},
  pages={100192},
  year={2022},
  publisher={Elsevier}
}
@article{slovak2022designing,
  title={Designing for emotion regulation interventions: an agenda for HCI theory and research},
  author={Slovak, Petr and Antle, Alissa N and Theofanopoulou, Nikki and Roquet, Claudia Daud{\'e}n and Gross, James J and Isbister, Katherine},
  journal={arXiv preprint arXiv:2204.00118},
  year={2022}
}
@article{tag2022emotion,
  title={Emotion trajectories in smartphone use: Towards recognizing emotion regulation in-the-wild},
  author={Tag, Benjamin and Sarsenbayeva, Zhanna and Cox, Anna L and Wadley, Greg and Goncalves, Jorge and Kostakos, Vassilis},
  journal={International Journal of Human-Computer Studies},
  volume={166},
  pages={102872},
  year={2022},
  publisher={Elsevier}
}
@article{yang2021benchmarking,
  title={Benchmarking commercial emotion detection systems using realistic distortions of facial image datasets},
  author={Yang, Kangning and Wang, Chaofan and Sarsenbayeva, Zhanna and Tag, Benjamin and Dingler, Tilman and Wadley, Greg and Goncalves, Jorge},
  journal={The visual computer},
  volume={37},
  number={6},
  pages={1447--1466},
  year={2021},
  publisher={Springer}
}
@inproceedings{wadley2022future,
  title={The Future of Emotion in Human-Computer Interaction},
  author={Wadley, Greg and Kostakos, Vassilis and Koval, Peter and Smith, Wally and Webber, Sarah and Cox, Anna and Gross, James J and H{\"o}{\"o}k, Kristina and Mandryk, Regan and Slov{\'a}k, Petr},
  booktitle={CHI Conference on Human Factors in Computing Systems Extended Abstracts},
  pages={1--6},
  year={2022}
}
@inproceedings{thomas2022s,
  title={“It’s common and a part of being a content creator”: Understanding How Creators Experience and Cope with Hate and Harassment Online},
  author={Thomas, Kurt and Kelley, Patrick Gage and Consolvo, Sunny and Samermit, Patrawat and Bursztein, Elie},
  booktitle={CHI Conference on Human Factors in Computing Systems},
  pages={1--15},
  year={2022}
}
